<record><leader>00000cas a22000007a 4500</leader><controlfield tag="001">1536514</controlfield><controlfield tag="008">750812d19072000mnuwr ne      0    0eng d</controlfield><datafield ind1=" " ind2=" " tag="010"><subfield code="a">sn 89081125 </subfield></datafield><datafield ind1=" " ind2=" " tag="040"><subfield code="a">MUL</subfield><subfield code="b">eng</subfield><subfield code="c">MUL</subfield><subfield code="d">OCL</subfield><subfield code="d">MN#</subfield><subfield code="d">DLC</subfield><subfield code="d">OCLCQ</subfield><subfield code="d">OCLCF</subfield><subfield code="d">OCLCO</subfield></datafield><datafield ind1="1" ind2=" " tag="029"><subfield code="a">AU@</subfield><subfield code="b">000020579727</subfield></datafield><datafield ind1=" " ind2=" " tag="042"><subfield code="a">msc</subfield></datafield><datafield ind1=" " ind2=" " tag="043"><subfield code="a">n-us-mn</subfield></datafield><datafield ind1=" " ind2=" " tag="052"><subfield code="a">4144</subfield><subfield code="b">B38</subfield></datafield><datafield ind1=" " ind2=" " tag="052"><subfield code="a">4143</subfield><subfield code="b">S2</subfield></datafield><datafield ind1="0" ind2="4" tag="245"><subfield code="a">The Biwabik times.</subfield></datafield><datafield ind1=" " ind2=" " tag="260"><subfield code="a">Biwabik, St. Louis County, Minn. :</subfield><subfield code="b">C.L. Hecken,</subfield><subfield code="c">-2000.</subfield></datafield><datafield ind1=" " ind2=" " tag="300"><subfield code="a">v.</subfield></datafield><datafield ind1=" " ind2=" " tag="310"><subfield code="a">Weekly</subfield></datafield><datafield ind1="1" ind2=" " tag="362"><subfield code="a">Began in 1907?</subfield></datafield><datafield ind1="0" ind2=" " tag="362"><subfield code="a">-v. 92, no. 40 (Oct. 5, 2000).</subfield></datafield><datafield ind1=" " ind2=" " tag="530"><subfield code="a">Available on microfilm from the Minnesota Historical Society.</subfield></datafield><datafield ind1=" " ind2=" " tag="580"><subfield code="a">Merged with: Aurora-Hoyt Lakes Range facts, to form: Range times.</subfield></datafield><datafield ind1=" " ind2=" " tag="588"><subfield code="a">Description based on: Vol. 16, no. 41 (Oct. 27, 1922).</subfield></datafield><datafield ind1=" " ind2="0" tag="651"><subfield code="a">Biwabik (Minn.)</subfield><subfield code="v">Newspapers.</subfield></datafield><datafield ind1=" " ind2="0" tag="651"><subfield code="a">Saint Louis County (Minn.)</subfield><subfield code="v">Newspapers.</subfield></datafield><datafield ind1=" " ind2="7" tag="655"><subfield code="a">Newspapers.</subfield><subfield code="2">fast</subfield><subfield code="0">(OCoLC)fst01423814</subfield></datafield><datafield ind1=" " ind2="7" tag="651"><subfield code="a">Minnesota</subfield><subfield code="z">Biwabik.</subfield><subfield code="2">fast</subfield><subfield code="0">(OCoLC)fst01254469</subfield></datafield><datafield ind1=" " ind2="7" tag="651"><subfield code="a">Minnesota</subfield><subfield code="z">Saint Louis County.</subfield><subfield code="2">fast</subfield><subfield code="0">(OCoLC)fst01221320</subfield></datafield><datafield ind1=" " ind2=" " tag="752"><subfield code="a">United States</subfield><subfield code="b">Minnesota</subfield><subfield code="c">Saint Louis</subfield><subfield code="d">Biwabik.</subfield></datafield><datafield ind1="1" ind2="7" tag="785"><subfield code="t">Aurora-Hoyt Lakes Range facts</subfield><subfield code="w">(DLC)sn 83000672</subfield><subfield code="w">(OCoLC)9399206</subfield></datafield><datafield ind1="1" ind2="7" tag="785"><subfield code="t">Range times</subfield><subfield code="w">(OCoLC)45258899</subfield></datafield></record>